00581cas a22002291a 4500
001 999289903502836
003 Nz
005 20160321142639.0
008 040105c19869999nz  r ne      0   0 eng d
035    $a (NLNZils)928990
035    $a (Nz)8156787
035    $a (NLNZils)928990-ilsdb
035    $a (OCoLC)173421445
040    $a WN $c WN
042    $a nznb
043    $a u-nz---
245 00 $a Herald weekender.
260    $a [Wanganui, N.Z. : $b s.n., $c 1986-]
310    $a Weekly
362 0  $a 1986 Jun.27-
651  0 $a Wanganui (N.Z.) $v Newspapers.
655  7 $a New Zealand newspapers. $2 local $5 Nz
